@inbook{applegate2011traveling,
  title={The Traveling Salesman Problem: A Computational Study},
  author={Applegate, D.L. and Bixby, R.E. and Chv{\'a}tal, V. and Cook, W.J.},
  series={Princeton Series in Applied Mathematics},
  url={https://books.google.ru/books?id=zfIm94nNqPoC},
  page = {608},
  year ={2011},
  publisher={Princeton University Press}
}

@inbook{ylanov,
  author    = {М. В. Ульянов},
  title     = {Ресурсно-эффективные компьютерные алгоритмы. Разработка и анализ : учебное пособие},
  publisher = {--- Москва : ФИЗМАТЛИТ},
  page      = {304},
  language  = {russian},
  year      = 2008,
}

@misc{antAlgs,
  author       = {С. Д. Штовба},
  title        = {Муравьиные алгоритмы. [Электронный ресурс].},
  howpublished = {--- Режим доступа: \url{https://masters.donntu.ru/2010/fknt/chorniy/library/article7.htm} (дата обращения: 01.12.2024).}
}

@misc{cpp,
  title = {ISO International Standard ISO/IEC 14882:2020(E) [Working Draft] – Programming Language C++},
  publisher = { --- Geneva, Switzerland: International Organization for Standardization (ISO)}
}
